@article{mikolov2013efficient,
  title={Efficient estimation of word representations in vector space},
  author={Mikolov, Tomas and Chen, Kai and Corrado, Greg and Dean, Jeffrey},
  journal={arXiv preprint arXiv:1301.3781},
  year={2013}
}
@article{devlin2018bert,
  title={Bert: Pre-training of deep bidirectional transformers for language understanding},
  author={Devlin, Jacob and Chang, Ming-Wei and Lee, Kenton and Toutanova, Kristina},
  journal={arXiv preprint arXiv:1810.04805},
  year={2018}
}
@article{lan2019albert,
  title={Albert: A lite bert for self-supervised learning of language representations},
  author={Lan, Zhenzhong and Chen, Mingda and Goodman, Sebastian and Gimpel, Kevin and Sharma, Piyush and Soricut, Radu},
  journal={arXiv preprint arXiv:1909.11942},
  year={2019}
}
@article{dosovitskiy2020image,
  title={An image is worth 16x16 words: Transformers for image recognition at scale},
  author={Dosovitskiy, Alexey and Beyer, Lucas and Kolesnikov, Alexander and Weissenborn, Dirk and Zhai, Xiaohua and Unterthiner, Thomas and Dehghani, Mostafa and Minderer, Matthias and Heigold, Georg and Gelly, Sylvain and others},
  journal={arXiv preprint arXiv:2010.11929},
  year={2020}
}
@article{zhu2020deformable,
  title={Deformable detr: Deformable transformers for end-to-end object detection},
  author={Zhu, Xizhou and Su, Weijie and Lu, Lewei and Li, Bin and Wang, Xiaogang and Dai, Jifeng},
  journal={arXiv preprint arXiv:2010.04159},
  year={2020}
}
@inproceedings{liu2021swin,
  title={Swin transformer: Hierarchical vision transformer using shifted windows},
  author={Liu, Ze and Lin, Yutong and Cao, Yue and Hu, Han and Wei, Yixuan and Zhang, Zheng and Lin, Stephen and Guo, Baining},
  booktitle={Proceedings of the IEEE/CVF international conference on computer vision},
  pages={10012--10022},
  year={2021}
}
@inproceedings{chen2020simple,
  title={A simple framework for contrastive learning of visual representations},
  author={Chen, Ting and Kornblith, Simon and Norouzi, Mohammad and Hinton, Geoffrey},
  booktitle={Proceedings of the 37th International Conference on Machine Learning},
  pages={1597--1607},
  year={2020}
}
@inproceedings{he2020momentum,
  title={Momentum contrast for unsupervised visual representation learning},
  author={He, Kaiming and Fan, Haoqi and Wu, Yuxin and Xie, Saining and Girshick, Ross},
  booktitle={Proceedings of the 33rd IEEE/CVF Conference on Computer Vision and Pattern Recognition},
  pages={9729--9738},
  year={2020}
}
@article{ReLiCv2,
  title={Pushing the limits of self-supervised ResNets: Can we outperform supervised learning without labels on ImageNet?},
  author={Tomasev, Nenad and Bica, Ioana and McWilliams, Brian and Buesing, Lars and Pascanu, Razvan and Blundell, Charles and Mitrovic, Jovana},
  journal={arXiv preprint arXiv:2201.05119},
  year={2022}
}
@article{huang2022contrastive,
  title={Contrastive masked autoencoders are stronger vision learners},
  author={Huang, Zhicheng and Jin, Xiaojie and Lu, Chengze and Hou, Qibin and Cheng, Ming-Ming and Fu, Dongmei and Shen, Xiaohui and Feng, Jiashi},
  journal={arXiv preprint arXiv:2207.13532},
  year={2022}
}
@article{goyal2021self,
  title={Self-supervised pretraining of visual features in the wild},
  author={Goyal, Priya and Caron, Mathilde and Lefaudeux, Benjamin and Xu, Min and Wang, Pengchao and Pai, Vivek and Singh, Mannat and Liptchinsky, Vitaliy and Misra, Ishan and Joulin, Armand and others},
  journal={arXiv preprint arXiv:2103.01988},
  year={2021}
}
@inproceedings{radford2021learning,
  title={Learning transferable visual models from natural language supervision},
  author={Radford, Alec and Kim, Jong Wook and Hallacy, Chris and Ramesh, Aditya and Goh, Gabriel and Agarwal, Sandhini and Sastry, Girish and Askell, Amanda and Mishkin, Pamela and Clark, Jack and others},
  booktitle={Proceedings of the 38th International Conference on Machine Learning},
  pages={8748--8763},
  year={2021}
}
@article{zhang2020contrastive,
  title={Contrastive learning of medical visual representations from paired images and text},
  author={Zhang, Yuhao and Jiang, Hang and Miura, Yasuhide and Manning, Christopher D and Langlotz, Curtis P},
  journal={arXiv preprint arXiv:2010.00747},
  year={2020}
}
@inproceedings{yuan2022provable,
  title={Provable stochastic optimization for global contrastive learning: Small batch does not harm performance},
  author={Yuan, Zhuoning and Wu, Yuexin and Qiu, Zi-Hao and Du, Xianzhi and Zhang, Lijun and Zhou, Denny and Yang, Tianbao},
  booktitle={International Conference on Machine Learning},
  pages={25760--25782},
  year={2022},
  organization={PMLR}
}
@misc{rw2019timm,
  author = {Ross Wightman},
  title = {PyTorch Image Models},
  year = {2019},
  publisher = {GitHub},
  journal = {GitHub repository},
  doi = {10.5281/zenodo.4414861},
  howpublished = {\url{https://github.com/rwightman/pytorch-image-models}}
}
@inproceedings{wolf-etal-2020-transformers,
    title = "Transformers: State-of-the-Art Natural Language Processing",
    author = "Thomas Wolf and Lysandre Debut and Victor Sanh and Julien Chaumond and Clement Delangue and Anthony Moi and Pierric Cistac and Tim Rault and RÃ©mi Louf and Morgan Funtowicz and Joe Davison and Sam Shleifer and Patrick von Platen and Clara Ma and Yacine Jernite and Julien Plu and Canwen Xu and Teven Le Scao and Sylvain Gugger and Mariama Drame and Quentin Lhoest and Alexander M. Rush",
    booktitle = "Proceedings of the 2020 Conference on Empirical Methods in Natural Language Processing: System Demonstrations",
    year = "2020",
    pages = "38--45"
}
@inproceedings{Zhu_2015_ICCV,
    title = {Aligning Books and Movies: Towards Story-Like Visual Explanations by Watching Movies and Reading Books},
    author = {Zhu, Yukun and Kiros, Ryan and Zemel, Rich and Salakhutdinov, Ruslan and Urtasun, Raquel and Torralba, Antonio and Fidler, Sanja},
    booktitle = {The IEEE International Conference on Computer Vision (ICCV)},
    month = {December},
    year = {2015}
}
@article{sanh2019distilbert,
  title={DistilBERT, a distilled version of BERT: smaller, faster, cheaper and lighter},
  author={Sanh, Victor and Debut, Lysandre and Chaumond, Julien and Wolf, Thomas},
  journal={arXiv preprint arXiv:1910.01108},
  year={2019}
}
@inproceedings{he2016deep,
  title={Deep residual learning for image recognition},
  author={He, Kaiming and Zhang, Xiangyu and Ren, Shaoqing and Sun, Jian},
  booktitle={Proceedings of the IEEE conference on computer vision and pattern recognition},
  pages={770--778},
  year={2016}
}
@article{qiu2023not,
  title={Not All Semantics are Created Equal: Contrastive Self-supervised Learning with Automatic Temperature Individualization},
  author={Qiu, Zi-Hao and Hu, Quanqi and Yuan, Zhuoning and Zhou, Denny and Zhang, Lijun and Yang, Tianbao},
  journal={arXiv preprint arXiv:2305.11965},
  year={2023}
}
